<?xml version="1.0" encoding="UTF-8"?><record xmlns="http://www.loc.gov/MARC21/slim" xmlns:cinclude="http://apache.org/cocoon/include/1.0" xmlns:zs="http://www.loc.gov/zing/srw/">
  <leader>00491nz  a2200145n  4500</leader>
  <controlfield tag="001">n 2009215864</controlfield>
  <controlfield tag="003">DLC</controlfield>
  <controlfield tag="005">20091020075247.0</controlfield>
  <controlfield tag="008">091019n| acannaabn          |a aaa      </controlfield>
  <datafield tag="010" ind1=" " ind2=" ">
    <subfield code="a">n 2009215864</subfield>
  </datafield>
  <datafield tag="040" ind1=" " ind2=" ">
    <subfield code="a">DLC</subfield>
    <subfield code="b">eng</subfield>
    <subfield code="c">DLC</subfield>
  </datafield>
  <datafield tag="053" ind1=" " ind2="0">
    <subfield code="a">PK2579.P289216</subfield>
  </datafield>
  <datafield tag="100" ind1="1" ind2=" ">
    <subfield code="a">Paṭṭanāẏaka, Arabinda,</subfield>
    <subfield code="d">1964-</subfield>
  </datafield>
  <datafield tag="400" ind1="0" ind2=" ">
    <subfield code="a">Arabinda Paṭṭanāẏaka,</subfield>
    <subfield code="d">1964-</subfield>
  </datafield>
  <datafield tag="670" ind1=" " ind2=" ">
    <subfield code="a">Andhāra maṇisha o premikāra nāam̐ Māmuni, 2007:</subfield>
    <subfield code="b">t.p. (Arabinda Paṭṭanāẏaka) p. 4 of cover (b. Sep. 15, 1964)</subfield>
  </datafield>
</record>